@misc{kawaguchi2018,
    author = {Kawaguchi, Kenji and Benigo, Yoshua and Verma, Vikas and Kaelbling, Leslie},
    year = {2018},
    title = {{Towards Understanding Generalization via Analytical Learning Theory}}
}

@article{leonov1996,
    author={Leonov, A. S.},
    title={{On the total variation for functions of several variables and a multidimensional analog of Helly's selection principle}},
    journal={Mathematical Notes},
    year={1996},
    month={Jan},
    day={01},
    volume={63},
    number={1},
    pages={61-71},
    issn={1573-8876},
    doi={10.1007/BF02316144},
    url={https://doi.org/10.1007/BF02316144}
}

@article{aistleitner2017, 
    title={On functions of bounded variation}, 
    volume={162}, 
    DOI={10.1017/S0305004116000633}, 
    number={3}, 
    journal={Mathematical Proceedings of the Cambridge Philosophical Society}, 
    author={Aistleitner, Christoph and Pausinger, Florian and Svane, Anne Marie and Tichy, Robert F.}, 
    year={2017}, 
    pages={405â€“418}
}

@book{ash2000,
  title={Probability and Measure Theory},
  author={Robert B. Ash and Catherine A. Doleans-Dade},
  publisher={Harcourt/Academic Press},
  year={2000},
}

@book{pollard_2001,
    place={Cambridge}, 
    series={Cambridge Series in Statistical and Probabilistic Mathematics}, 
    title={A User's Guide to Measure Theoretic Probability}, DOI={10.1017/CBO9780511811555}, 
    publisher={Cambridge University Press}, 
    author={Pollard, David}, 
    year={2001}, 
    collection={Cambridge Series in Statistical and Probabilistic Mathematics}
}

@article{aistleitner2015,
    title={{Functions of bounded variation, signed measures, and a general Koksma-Hlawka inequality}},
    author={Christoph Aistleitner and Josef Dick},
    year={2015},
    volume={167},
    pages={143-171},
    journal={Acta Arithmetica},
    issn={1730-6264},
    publisher={Instytut Matematyczny},
    number={2},
}